@misc{bibNVC,
  title={Night vision camera},
  author={Lewellen, M.A. and Rimington, J.W.},
  url={https://www.google.com/patents/USD489386},
  year={2004},
  publisher={Google Patents},
  note={US Patent D489,386}
}

@mastersthesis{bibBEt,
	author = {Hendrickx W., dr.ir. Goedem\'{e} T., ir. Kuppens K. and ir. Debard G.},
	school = {Lessius, Campus De Nayer},
	title = {Monitoren van de activiteitsgraad van bijen aan de hand van camerabeelden},
	year = {2011-2012}
}

@mastersthesis{bibBET2,
	author = {Mathieu J., dr.ir. Goedem\'{e} T.and dr. Shulte S.},
	school = {KULeuven, Campus De Nayer},
	title = {Detectie en tellen van personen in infraroodbeelden via objectcategorisatie},
	year = {2013-2014}
}

@article{bibBET3,
	author = {Seth Benton},
	title = {Background substraction, part 1: Matlab models}, 
	journal = {EE Times}, 
	year = {2008}
}

@article{bibBET4,
	author = {Marco Cristani,Michela Farenzena, Domenico Bloisi and Vittorio Murino},
	title = {Background Substraction for Automated Multisensor Surveillance: A Comprehensive Review}, 
	journal = {EURASIP Journal on Advances in Signal Processing }, 
	year = {2004}
}

@article{bibBET7,
	author = {Kai J\"ungling and Michael Arens},
	title = {Feature based person detection beyond the visible spectrum}, 
	journal = {IEEE Computers Sociaty Conference on Computer Vision and Pattern Recongition}, 
	year = {2009}
}

@mastersthesis{bibTHK,
	author = {Stijn Vinck and ir. S. De Beugher},
	school = {KULeuven, Campus De Nayer},
	title = {Ontwikkeling van een algoritme om eigen handen te detecteren in eye-tracker beelden},
	year = {2015-2016}
}

@article{bibVTC,
	author = {Wen-Tsuen Chen, Po-Yu Chen, Wei-Shun Lee and Chi-Fu Huang},
	title = {Design and Implementation of a Real Time Vide Surveillance System with Wireless Sensor Networks}, 
	journal = {IEEE Computer Society}, 
	year = {2008}
}

@article{bibVTC2,
	author = {Michael Bramberger, Andreas Doblander, Arnold Maier and Bernhard Rinner},
	title = {Distributed Embedded Smart Cameras for surveillance Applications}, 
	journal = {IEEE Computer Society}, 
	year = {2006}
}

@techreport{bibVTC3,
	author    = { Parisa Dervish Zadeh Varcheie and Guillaume-Alexandre Bilodeau},
	title     = {Adaptive Fuzzy Particle Filter Tracker for a PTZ Camera in an IP Surveillance System},
	institution = {Dept. of Computer engineering and software engineering, Ecole Polytechnique de Montr\'eal},
	address  = { Box 6079, Station Centre-Ville, Montr\'eal, Canada},
	year      =  {2010}
}

@article{bibIPC,
	author = {Nurulfajar Abd Manap, Gaetano Di Caterina, John Soraghan, Vijay Sidarth and Hui Yao},
	title = {Smart surveillance system based on sterao matching algorithms with IP and PTZ cameras}, 
	journal = {IEEE Computer Society}, 
	year = {2010}
}

@article{bibIPC2,
	author = {M.Valera and S.A. Velastin},
	title = {Intelligent ditribured surveillance systems: a review}, 
	journal = {IEE Poc.-Vis. Image Singal Process.}, 
	volume = {152},
	year = {2005}
}

@article{bibIPC3,
	author = {Mukesh Kumar Saini, Pradeep K. Altrey and Abdulmotaleb El Saddik},
	title = {From smart camera to smarthub: embracing cloud for video surveillance}, 
	journal = {International Journal of Distriubted Sensor Networks}, 
	volume = {2014},
	year = {2014}
}

@article{bibIRC,
	author = {Harsh Nanda and Larry Davis},
	title = {Probalistic Template Based Pedestrian Detection int infrared videos}, 
	journal = {IEEE Intelligent Vehicle Symposium}, 
	year = {2002}
}

@article{bibIRC2,
	author = {Ju Han and Bir Bhanu},
	title = {Fusion of color and infrares video for moving human detection}, 
	journal = {Pattern Recognition Society}, 
	volume = {40},
	year = {2006}
}

@article{bibIRC3,
	author = {Massimo Pertizzo, Alberto Broggi, Alessandra Fascoli, Thorsten Graf and Marc-Michael Meinecke},
	title = {Pedestrian Detection for driver assistance using multiresolution infrared vision}, 
	journal = {IEEE transaction on vehicular technology}, 
	volume = {53},
	pages = {1666 - 1678},
	year = {2004}
}

@article{bibVTS,
	author = {Peter M. Roth, Helmut Grabner, Danjel Skocaj, Horst Bischof and Ales Leonardis},
	title = {On-line conservative learning for person detection}, 
	journal = {IEEE Visual Surveillance and Performance Evaluation of Tracking and Surveillance},
	year = {2006}
}

@techreport{bibIRC4,
	author    = { James W. Davis and Mark A. Keck},
	title     = {A Two-stage template approuch to persen detection in thermal imagery},
	institution = {Dept. of Computers Science and engineering, Ohio State University},
	address  = { Columbus OH 43210 USA},
	year      =  {2005}
}

@techreport{bibBET5,
	author    = { James W. Davis and Vinay Sharma},
	title     = {Robust Background-Subtraction for Person detection in Thermal Imagery},
	institution = {Dept. of Computers Science and engineering, Ohio State University},
	address  = { Columbus OH 43210 USA},
	year      =  {2004}
}

@techreport{bibBET6,
		author    = { James W. Davis and Vinay Sharma},
		title     = {Background-Subtraction in Thermal Imagery USing Contour Saliency},
		institution = {Dept. of Computers Science and engineering, Ohio State University},
		address  = { Columbus OH 43210 USA},
		year      =  {2006}
}

@techreport{bibTVD,
	author    = { Marius Brezovan and Costin Badica},
	title     = {A review on Vision Surveillance Techniques in Smart Home Environments},
	institution = {Dept. of Computers and Information Technology, Unversity of Craiova},
	address  = {Craiova Romania},
	year      =  {2014}
}

@article{bibTeV,
	author = {Zhen Yu and Yamping Chen},
	title = {A real-time mortin detection algorithm for traffic monitoring systems based on consecturive temporal distance}, 
	journal = {IEEE Asian Control Conference}, 
	volume = {9},
	pages = {1594 - 1599},
	year = {2009}
}

@online{BibImgSTC,
	author = {Seek Thermal inc.},
	title = {Compact Seek Thermal},
	year = 2017,
	url = {â–ˆwww.thermal.com/products/compact/},
	urldate = {2017-05-21} 
}

@online{bibVAS,
	author = {Donovan Parks},
	title = {Background Substraction - Donovan Parks},
	year = {2014},
	url = {http://dparks.wikidot.com/background-subtraction},
	urldate = {2017-05-23}
}

@techreport{bibSDB,
	author    = {Antoine Manzanera},
	title     = {$\Sigma$ - $\Delta$ background subtraction ant the Zipf law},
	institution = {ENSTA - Elec. and Comp. Sc. lab},
	address  = {32 Bd Victor, 75015 Paris, France },
	year      =  {2007}
} 

@article{bibSDB2,
	author = {S.Toral, M. Vargas, F. Barrero and M.G. Ortega},
	title = {Improved sigma-delta background estimation for vehicle detection}, 
	journal = {Electronics Letters}, 
	volume = {45 no 1. },	
	year = {2009}
}

@article{bibBET8,
	author = {Olivier Barnich and Marc Van Droogenbroeck},
	title = {ViBe: A universal background subtraction alogrithm for viedo sequences}, 
	journal = {IEEE Transactions on Image Processing}, 
	volume = {20(6)},
	pages = {1709-1724},
	year = {2011}
}

@article{bibBET9,
	author = {Badri Narayan Subudhi, Susmita Ghosh, Ashish Ghosh},
	title = {Change detection for moving object segementation with robuust background construction under Wronskian framework}, 
	journal = {Machine Vision and Applications}, 
	year = {2013}
}
@online{BibSTC,
	author = {Maarten Vandersteegen},
	title = {Github Repository},
	year = {2017},
	url = {http://dparks.wikidot.com/background-subtraction},
	urldate = {2017-05-23}
	}
	
@article{bibDEA,
		author = {Ahmed Yahya Dawod, md Jan Nordin and Junaidi Abdullah},
		title = {Static Hang Gestures: Fingertips Detection Based On Segmented Images}, 
		journal = {Journal of Computer Sciences}, 
		volume = {11},
		pages {1090 - 1098},
		year = {2015}
}

@article{bibNVC2,
	author = {Raf Vandersmissen},
	title = {Night-vision camera combines thermal and low-light-level images}, 
	journal = {Photnoik international}, 
	volume = {2},
	pages {2-4},
	year = {2008}
}

@techreport{bibMOG,
	author    = {Asushi Shimade, Daisaku Arita and Rin-ichiro Taniguchi},
	title     = {Dynamic Control of Adaptive Mixture-of-Gaussians Background Model},
	institution = {Kyushu University, Departement of Intelligent Systems},
	address  = {Fukuoka, Japan },
	year      =  {2006}
} 